<?xml version="1.0" encoding="UTF-8"?><collection xmlns="http://www.loc.gov/MARC21/slim"><record><leader>00528nam--2200145-i-4500</leader><controlfield tag="001">000040230</controlfield><controlfield tag="002">20161230</controlfield><controlfield tag="005">20161230201042</controlfield><controlfield tag="008">060222s1000------------r-----000-0-eng-d</controlfield><datafield ind1=" " ind2=" " tag="080"><subfield code="a">621.31</subfield></datafield><datafield ind1=" " ind2=" " tag="100"><subfield code="a">Samungi U. Si Pal T</subfield></datafield><datafield ind1=" " ind2=" " tag="245"><subfield code="a">Solutii moderne adoptate la proiectarea instalatiilor electrice la standurile de proba de la fabrica de masini electrice de mari puteri</subfield></datafield><datafield ind1=" " ind2=" " tag="260"><subfield code="a">Bucuresti, Cons.Nat.Al Ing.Si Tehn.,1969. 6 P. + 6 Fig</subfield></datafield><datafield ind1=" " ind2=" " tag="490"><subfield code="a">A Doua Conf.A Electricienilor I.S. Sectia Masini Electrice</subfield></datafield><datafield ind1=" " ind2=" " tag="852"><subfield code="a">31595</subfield></datafield></record></collection>